11111111111111111111111111111111111111111111111111111111111111111111111111111111
11111111111111111111111111111111111111111111111111111111111111111111111111111111
11111111111111111111111111111111111111111111111111AAAAAAAAAAAAAAAAAAAAAAAAA11111
11111111111111111111111111111111111111111111111111111111111111111111111111111111
111111111111111111AAAAAAAAAAAAAAAAA111111111111111111111111111111111111111111111
11111111111111111111111111111111111111111111111111111111111111111111111111111111
11111111111111111111111111111111111111111111111111111111111111111111111111111111
AAAAA111111111111111111111111111111111111111111111111111111111111111111111111111
11111111111111111111111111111111111111111111111111111111111111111111111111111111
11111111111111111111111111111111111111111111111111111AAAAAAAAAAA1111111111111111
11111111111111111111111111111111111111111111111111111111111111111111111111111111
11111111111111111111111111111111111111111111111111111111111111111111111111111111
11111111AAAAAAAAAA111111119999999999999999999111111111111111111111111111111AAAAA
11111111111111111111111119999999999999999999991111111111111111111111111111111111
18881111111111111111111199999999999999999999999111111111111111111111111888111111
88888111111111111111111|||||||||||||||||||||||||11111111111111111111118888811111
88888811111111111111111|||||||||||||||||||||||||11111111111111111111188888881111
11711111111111111111111|||||||||||||||||||||||||11111111111111111111111171111111
11711111[999999999]1111|||||||||||||||||||||||||11111111111111111111111171111111
1171111[91111111119]111|||||||||||||||||||||||||11111111111111111111111171111111
25555552~~~~~~~~~~~2555222222222222222222222222222222~~~~~~~~~~~~~222222222-----
33333333333333333333333333333333333333333333333333333333333333333333333333333333
33333333333333333333333333333333333333333333333333333333333333333333333333333333
33333333333333333333333333333333333333333333333333333333333333333333333333333333
44444444444444444444444444444444444444444444444444444444444444444444444444444444
44444444444444444444444444444444444444444444444444444444444444444444444444444444
444@444444444444444444444444444444444444444444444444444444@444444444444444444444
44444444444444444444444444444444444444444444444444444444444444444444444444444444
44444444444#44444444444444444444444444444#44444444444444444444444444444444444@44
44444444444444444@4%%%%%%%%%%%%%%%%%%%%%4444444444444444444444444444444444444444
4444444444444444444%%%%%%%%%%%%%%%%%%%%%4444444444444444444444444444444444444444
4444444444444444444%%%%%%%%%%%%%%%%%%%%%44444444444444444444444#4444444444444444
4444444444444444444%%%%%%%%%%%%%%%%%%%%%44444444444444#4444444444444444444444444
4444444444444444444%%%%%%%%%%%%%%%%%%%%%444444444444444444444444444444444$444444
$444444444444444444%%%%%%%%%%%%%%%%%%%%%44444$4444444444444444444444444444444444
444444$444444444444%%%%%%%%%%%%%%%%%%%%%4444444444444444444444444444444444444444
44444444444444$4444%%%%%%%%%%%%%%%%%%%%%4444444444444444444444444444444444444444
4444444444444444444%~~~~~~~~~~~~~~~~~~~%444444444444444444^444444444444444444444
444444444444444444^%%%%%%%%%%%%%%%%%%%%%44444444444444444444444444444444444444^4
444444444444444444444444444444444444444444444^4444444444444444444444444444444444
44444444^444444444444444444444444444444444444444444444444444444444^4444444444444
44444444444444444444444444444444444444444444444444444444444444444444444444444444
!!!!!!!!!!!!!!!!!!!!!!!!!!!!!!!!!!!!!!!!!!!!!!!!!!!!!!!!!!!!!!!!!!!!!!!!!!!!!!!!
00000000000000000000000000000000000000000000000000000000000000000000000000000000