11111111111111111111111111111111111111111111111111111111111111111111111111111111111111111111111111111111111111111111111111111111111111111111111111111111111111111
1111111AAAAAA1111111111111111111111111111111111111111111111111111111111111111111111111111111111111111111111111111111111111111111111111111111111111111111111111111
11111111111111111111111111111111111111111111111111111111111111111111111111111111111111111111111111111111111111111111111111111111111111111111111111111111111111111
111111111111111111111111111111111111AAAAAAAAAAAAAAAAAAAAAA1111111111111111111111111111111111111111111111111111111111111111111111111111111111111111111111111111111
11111111111111111111111111111111111111111111111111111111111111111111111111111111111111111111111111111111111111111111111111111111111111111111111111111111111111111
11111111111111111111111111111111111111111111111111111111111111111111111111111111111111111111111111111111111111111111111111111111111111111111111111111111111111111
11111111111111111111111111111111111111111111111111111111111111111111111111111111111111111111111111111111111111111111111111111111111111111111111111111111111111111
11111111111111111111111111111111111111111111111111111111111111111111111111111111111111111111111111111111111111111111111111111111111111111111111111111111111111111
11111AAAAAAAAA111111111111111111111111111111111111111111111111111111111111111111111111111111111111111111111111111111111111111111111111111111111111111111111111111
11111111111111111111111111111111111111111111111111111111111111111111111111111111111111111111111111111111111111111111111111111111111111111111111111111111111111111
111111111111111111111111111111111111111111111111111111AAAAAAAAAAAAAAA11111111111111111111111111111111111111111111111111111111111111111111111111111111111111111111
111111111111111111111111111AAAAAAA1111111111111111111111111111111111111111111111111111111111111111111111111111111111111111111111111111111111111111111111111111111
11111111111111111111111111111111111111111111111111111111111111111111111111111111111111111111111111111111111111111111111111111111111111111111111111111111111111111
11111111111111111111111111111111111111111111111111111111111111111111111111111888111111111111111111111111111111111111111111111111111111111111111111111111111111111
11111111118881111111111111111111111111111118881111111111111111111111111111118888811111111111111111111111111111111111111111111111111111111111111111111111111111111
11111111188888111111111111111111111111111188888111111111111111111111111111188888881111111111111111111111111111111111111111111111111111111111111111111111111111111
11111111888888811111111111111111111111111888888811111111111111111111111111111171111111111111111111111111111111111111111111111111111111111111111111111111111111111
11111111111711111111111111111111111111111111711111111111111111111111111111111171111111111111111111111111111111111111111111111111111111111111111111111111111111111
11111111111711111111111111111111111111111111711111111111111111111111111111111171111111111111111111111111111111111111111111111111111111111111111111111111111111111
11111111111711111111111111111111111111111111711111111111111111111111111111112222222222222111111111111111111111111111111111111111111111111111111111111111111111111
222222222222222222222222~~~~~~~~2222222222222222222222222222!!!!!!!!!!!!22223333333333333222222222222222222222222222222222222222222222222222222222222222222222222
33333333333333333333333333333333333333333333333333333333333333333333333333333333333333333333333333333333333333333333333333333333333333333333333333333333333333333
33333333333333333333333333333333333333333333333333333333333333333333333333333333333333333333333333333333333333333333333333333333333333333333333333333333333333333
33333333333333333333333333333333333333333333333333333333333333333333333333333333333333333333333333333333333333333333333333333333333333333333333333333333333333333
44444444444444444444444444444444444444444444444444444444444444444444444444444444444444444444444444444444444444444444444444444444444444444444444444444444444444444
44444444444444444444444444444444444444444444444444444444444444444444444444444444444444444444444444444444444444444444444444444444444444444444444444444444444444444
44444444444444444444444444444444444444444444444444444444444444444444444444444444444444444444444444444444444444444444444444444444444444444444444444444444444444444
44444444444444444444444444444444444444444444444444444444444444444444444444444444444444444444444444444444444444444444444444444444444444444444444444444444444444444
44444444444444444444444444444444444444444444444444444444444444444444444444444444444444444444444444444444444444444444444444444444444444444444444444444444444444444
44444444444444%%%%%%%%%%%%%%%%%%%44444444444444444444444444444444444444444444444444444444444444444444444444444444444444444444444444444444444444444444444444444444
44444444444444%66666666666666666%44444444444444444444444444444444444444444444444444444444444444444444444444444444444444444444444444444444444444444444444444444444
44444444444444%66666666666666666%44444444444444444444444444444444444444444444444444444444444444444444444444444444444444444444444444444444444444444444444444444444
44444444444444%66666666666666666%44444444444444444444444444444444444444444444444444444444444444444444444444444444444444444444444444444444444444444444444444444444
44444444444444%66666666666666666%44444444444444444444444444444444444444444444444444444444444444444444444444444444444444444444444444444444444444444444444444444444
44444444444444%66666666666666666%44444444444444444444444444444444444444444444444444444444444444444444444444444444444444444444444444444444444444444444444444444444
44444444444444%66666666666666666%44444444444444444444444444444444444444444444444444444444444444444444444444444444444444444444444444444444444444444444444444444444
44444444444444%~~~~~~~~~~~~~~~~~%44444444444444444444444444444444444444444444444444444444444444444444444444444444444444444444444444444444444444444444444444444444
44444444444444%%%%%%%%%%%%%%%%%%%44444444444444444444444444444444444444444444444444444444444444444444444444444444444444444444444444444444444444444444444444444444
44444444444444444444444444444444444444444444444444444444444444444444444444444444444444444444444444444444444444444444444444444444444444444444444444444444444444444
44444444444444444444444444444444444444444444444444444444444444444444444444444444444444444444444444444444444444444444444444444444444444444444444444444444444444444
44444444444444444444444444444444444444444444444444444444444444444444444444444444444444444444444444444444444444444444444444444444444444444444444444444444444444444
44444444444444444444444444444444444444444444444444444444444444444444444444444444444444444444444444444444444444444444444444444444444444444444444444444444444444444
!!!!!!!!!!!!!!!!!!!!!!!!!!!!!!!!!!!!!!!!!!!!!!!!!!!!!!!!!!!!!!!!!!!!!!!!!!!!!!!!!!!!!!!!!!!!!!!!!!!!!!!!!!!!!!!!!!!!!!!!!!!!!!!!!!!!!!!!!!!!!!!!!!!!!!!!!!!!!!!!!
00000000000000000000000000000000000000000000000000000000000000000000000000000000000000000000000000000000000000000000000000000000000000000000000000000000000000000
