11111111111111111111111111111111111911111111111111111111111111111111111111111111
11111111111111111111111111111111119991111111111111111111111111111111111111111111
111111111111111111111111111111111999991111111111111111111111111111111111111111111
11111111111111111111111111111911999999911911111111111111111111111111111111111111
111111111111111111111111111111999999999991111111111111111111111111111111111111111
11111111111111111111111111111111|||||||11111111111111111111111111111111111111111
11111111111111111111111111111111||666||1111111111111111111111111111111111111111111
11111111111111111111111111911111||666||1111191111111111111111111111111111111111111
11111111111111111111111111199999999999999999111111111111111111111111111111111111
11111111111111111111111111111|||||||||||||111111111111111111111111111111111111111111111
11111111111111111111111111111|||||666|||||11111111111111111111111111111111111111111111
11111111111111111111111911111|||||666|||||11111911111111111111111111111111111111111111
11111111111111111111111199999999999999999999999111111111111111111111111111111111
11111111111111111111111111|||||||||||||||||||111111111111111111111111111111111111111111111
18881111111111111111111111||||||||666||||||||11111111111111111188811111888111111111111111
88888111111111111111911111||||||||666||||||||11111911111111111888881118888811111111111111
88888811111111111111199999999999999999999999999999111111111118888888188888881111
11711111111111111111111|||||||||||||||||||||||||1111111111111111711111117111111111111111111111
117111117|||||||||71111|||||||||||666|||||||||||1111111111111111711111117111111111111111111111111
22722227|111111111|7222|||||||||||666|||||||||||222221111111111171222222722222221111111111111
55555555~~~~~~~~~~~5555555555555555555555555555555555~~~~~~~~~~~~~55555555555555
33333333333333333333333333333333333333333333333333333333333333333333333333333333
33333333333333333333333333333333333333333333333333333333333333333333333333333333
33333333333333333333333333333333333333333333333333333333333333333333333333333333
44444444444444444444444444444444444444444444444444444444444444444444444444444444
44444444444444444444444444444444444444444444444444444444444444444444444444444444
44444444444444444444444444444444444444444444444444444444444444444444444444444444
44444444444444444444444444444444444444444444444444444444444444444444444444444444
44444444444444444444444444444444444444444444444444444444444444444444444444444444
44444444444444444444444444444444444444444444444444444444444444444444444444444444
44444444444444444444444444444444444444444444444444444444444444444444444444444444
44444444444444444444444444444444444444444444444444444444444444444444444444444444
44444444444444444444444444444444444444444444444444444444444444444444444444444444
44444444444444444444444444444444444444444444444444444444444444444444444444444444
44444444444444444444444444444444444444444444444444444444444444444444444444444444
44444444444444444444444444444444444444444444444444444444444444444444444444444444
44444444444444444444444444444444444444444444444444444444444444444444444444444444
44444444444444444444444444444444444444444444444444444444444444444444444444444444
44444444444444444444444444444444444444444444444444444444444444444444444444444444
44444444444444444444444444444444444444444444444444444444444444444444444444444444
44444444444444444444444444444444444444444444444444444444444444444444444444444444
44444444444444444444444444444444444444444444444444444444444444444444444444444444
!!!!!!!!!!!!!!!!!!!!!!!!!!!!!!!!!!!!!!!!!!!!!!!!!!!!!!!!!!!!!!!!!!!!!!!!!!!!!!!!
00000000000000000000000000000000000000000000000000000000000000000000000000000000